<?xml version="1.0" encoding="UTF-8"?><record xmlns="http://www.loc.gov/MARC21/slim" xmlns:cinclude="http://apache.org/cocoon/include/1.0" xmlns:zs="http://www.loc.gov/zing/srw/">
  <leader>00534nz  a2200169n  4500</leader>
  <controlfield tag="001">no2008102323</controlfield>
  <controlfield tag="003">DLC</controlfield>
  <controlfield tag="005">20080717075447.0</controlfield>
  <controlfield tag="008">080715n| acannaabn          |a aaa     c</controlfield>
  <datafield tag="010" ind1=" " ind2=" ">
    <subfield code="a">no2008102323</subfield>
  </datafield>
  <datafield tag="035" ind1=" " ind2=" ">
    <subfield code="a">(OCoLC)oca07820545</subfield>
  </datafield>
  <datafield tag="040" ind1=" " ind2=" ">
    <subfield code="a">SaStU</subfield>
    <subfield code="b">eng</subfield>
    <subfield code="c">SaStU</subfield>
  </datafield>
  <datafield tag="100" ind1="1" ind2=" ">
    <subfield code="a">Lencot, Yves</subfield>
  </datafield>
  <datafield tag="400" ind1="1" ind2=" ">
    <subfield code="a">Lencot, Y.</subfield>
  </datafield>
  <datafield tag="400" ind1="1" ind2=" ">
    <subfield code="a">Lencot</subfield>
  </datafield>
  <datafield tag="670" ind1=" " ind2=" ">
    <subfield code="a">Lanfeust of Troy. Volume 1, Magohamoth's ivory, c2004:</subfield>
    <subfield code="b">t.p. (Yves Lencot)</subfield>
  </datafield>
  <datafield tag="670" ind1=" " ind2=" ">
    <subfield code="a">OCLC, July 15, 2008</subfield>
    <subfield code="b">(hdg.: Lencot, Yves; Lencot. Y.; Lencot; usage: Yves Lencot; Y. Lencot; Lencot)</subfield>
  </datafield>
</record>